<?xml version="1.0" encoding="UTF-8"?><collection xmlns="http://www.loc.gov/MARC21/slim"><record><leader>00474nam--2200157-i-4500</leader><controlfield tag="001">000023660</controlfield><controlfield tag="002">20161230</controlfield><controlfield tag="005">20161230201035</controlfield><controlfield tag="008">060222s1000------------r-----000-0-eng-d</controlfield><datafield ind1=" " ind2=" " tag="080"><subfield code="a">512.122</subfield></datafield><datafield ind1=" " ind2=" " tag="100"><subfield code="a">Grothendieck, A</subfield></datafield><datafield ind1=" " ind2=" " tag="245"><subfield code="a">Topological vector spaces. translated from franch by orlando chaljub</subfield></datafield><datafield ind1=" " ind2=" " tag="260"><subfield code="a">New York, Gordon And Breach, 1975. 245p</subfield></datafield><datafield ind1=" " ind2=" " tag="490"><subfield code="a">Notes On Mathematics And It Is Applications</subfield></datafield><datafield ind1=" " ind2=" " tag="852"><subfield code="a">45117</subfield><subfield code="c">513.83</subfield></datafield><datafield ind1=" " ind2=" " tag="CAT"><subfield code="a">Sys</subfield><subfield code="c">20080722</subfield><subfield code="h">100936</subfield></datafield></record></collection>